@inbook{GOTO,
 author = {Dijkstra, E.},
 title = {Go to statement considered harmful},
 book = {Classics in software engineering},
 year = {1979},
 isbn = {0-917072-14-6},
 pages = {27--33},
 numpages = {7},
 url = {http://portal.acm.org/citation.cfm?id=1241515.1241518},
 acmid = {1241518},
 publisher = {Yourdon Press},
 address = {Upper Saddle River, NJ, USA},
} 
@misc{YES,
 author = {Yegge, Steve},
 title = {Re: Steve Yegge at speaking on Clojure debugging direction},
 year = {2011},
 month = {April},
 howpublished = "\url{http://groups.google.com/group/seajure/msg/145c06c54847c048}"
}
@misc{500K,
 author = {Yegge, Steve},
 title = {Code's Worst Enemy},
 year = {2007},
 month = {December},
 howpublished = "\url{http://steve-yegge.blogspot.com/2007/12/codes-worst-enemy.html}"
}
